@article{ke2017lightgbm,
  title={Lightgbm: A highly efficient gradient boosting decision tree},
  author={Ke, Guolin and Meng, Qi and Finley, Thomas and Wang, Taifeng and Chen, Wei and Ma, Weidong and Ye, Qiwei and Liu, Tie-Yan},
  journal={Advances in neural information processing systems},
  volume={30},
  year={2017}
}
@inproceedings{chen2016xgboost,
  title={Xgboost: A scalable tree boosting system},
  author={Chen, Tianqi and Guestrin, Carlos},
  booktitle={Proceedings of the 22nd acm sigkdd international conference on knowledge discovery and data mining},
  pages={785--794},
  year={2016}
}
@misc{paszke2019pytorch,
      title={PyTorch: An Imperative Style, High-Performance Deep Learning Library}, 
      author={Adam Paszke and Sam Gross and Francisco Massa and Adam Lerer and James Bradbury and Gregory Chanan and Trevor Killeen and Zeming Lin and Natalia Gimelshein and Luca Antiga and Alban Desmaison and Andreas KÃ¶pf and Edward Yang and Zach DeVito and Martin Raison and Alykhan Tejani and Sasank Chilamkurthy and Benoit Steiner and Lu Fang and Junjie Bai and Soumith Chintala},
      year={2019},
      eprint={1912.01703},
      archivePrefix={arXiv},
      primaryClass={cs.LG}
}
@article{guyon2002gene,
  title={Gene selection for cancer classification using support vector machines},
  author={Guyon, Isabelle and Weston, Jason and Barnhill, Stephen and Vapnik, Vladimir},
  journal={Machine learning},
  volume={46},
  pages={389--422},
  year={2002},
  publisher={Springer}
}
@article{zou2005regularization,
  title={Regularization and variable selection via the elastic net},
  author={Zou, Hui and Hastie, Trevor},
  journal={Journal of the Royal Statistical Society Series B: Statistical Methodology},
  volume={67},
  number={2},
  pages={301--320},
  year={2005},
  publisher={Oxford University Press}
}
@article{pedregosa2011scikit,
  title={Scikit-learn: Machine learning in Python},
  author={Pedregosa, Fabian and Varoquaux, Ga{\"e}l and Gramfort, Alexandre and Michel, Vincent and Thirion, Bertrand and Grisel, Olivier and Blondel, Mathieu and Prettenhofer, Peter and Weiss, Ron and Dubourg, Vincent and others},
  journal={the Journal of machine Learning research},
  volume={12},
  pages={2825--2830},
  year={2011},
  publisher={JMLR. org}
}
@book{o1998market,
  title={Market microstructure theory},
  author={O'hara, Maureen},
  year={1998},
  publisher={John Wiley \& Sons}
}
@article{o2015high,
  title={High frequency market microstructure},
  author={O'hara, Maureen},
  journal={Journal of financial economics},
  volume={116},
  number={2},
  pages={257--270},
  year={2015},
  publisher={Elsevier}
}
@article{selccuk2006intraday,
  title={Intraday dynamics of stock market returns and volatility},
  author={Sel{\c{c}}uk, Faruk and Gen{\c{c}}ay, Ramazan},
  journal={Physica A: Statistical Mechanics and its Applications},
  volume={367},
  pages={375--387},
  year={2006},
  publisher={Elsevier}
}